%YAML 1.1
%TAG !u! tag:unity3d.com,2011:
--- !u!1 &1939051701823917062
GameObject:
  m_ObjectHideFlags: 0
  m_CorrespondingSourceObject: {fileID: 0}
  m_PrefabInstance: {fileID: 0}
  m_PrefabAsset: {fileID: 0}
  serializedVersion: 6
  m_Component:
  - component: {fileID: 1939051701823917059}
  - component: {fileID: 1939051701823917058}
  - component: {fileID: 1939051701823917061}
  - component: {fileID: 1939051701823917060}
  - component: {fileID: 7672367528469677189}
  - component: {fileID: 6403945661255060906}
  - component: {fileID: 1939051701823917063}
  - component: {fileID: 1090124362}
  - component: {fileID: 1090124353}
  - component: {fileID: 6809758880370385709}
  - component: {fileID: 8957003198405634762}
  - component: {fileID: 913407093}
  - component: {fileID: 568323202780596300}
  m_Layer: 11
  m_Name: Character
  m_TagString: Player
  m_Icon: {fileID: 0}
  m_NavMeshLayer: 0
  m_StaticEditorFlags: 0
  m_IsActive: 1
--- !u!4 &1939051701823917059
Transform:
  m_ObjectHideFlags: 0
  m_CorrespondingSourceObject: {fileID: 0}
  m_PrefabInstance: {fileID: 0}
  m_PrefabAsset: {fileID: 0}
  m_GameObject: {fileID: 1939051701823917062}
  m_LocalRotation: {x: 0, y: 0, z: 0, w: 1}
  m_LocalPosition: {x: 0.02, y: 0.5, z: 9.75}
  m_LocalScale: {x: 0.03, y: 0.08, z: 0.03}
  m_Children: []
  m_Father: {fileID: 0}
  m_RootOrder: 0
  m_LocalEulerAnglesHint: {x: 0, y: 0, z: 0}
--- !u!33 &1939051701823917058
MeshFilter:
  m_ObjectHideFlags: 0
  m_CorrespondingSourceObject: {fileID: 0}
  m_PrefabInstance: {fileID: 0}
  m_PrefabAsset: {fileID: 0}
  m_GameObject: {fileID: 1939051701823917062}
  m_Mesh: {fileID: 10202, guid: 0000000000000000e000000000000000, type: 0}
--- !u!23 &1939051701823917061
MeshRenderer:
  m_ObjectHideFlags: 0
  m_CorrespondingSourceObject: {fileID: 0}
  m_PrefabInstance: {fileID: 0}
  m_PrefabAsset: {fileID: 0}
  m_GameObject: {fileID: 1939051701823917062}
  m_Enabled: 1
  m_CastShadows: 1
  m_ReceiveShadows: 1
  m_DynamicOccludee: 1
  m_MotionVectors: 1
  m_LightProbeUsage: 1
  m_ReflectionProbeUsage: 1
  m_RenderingLayerMask: 1
  m_RendererPriority: 0
  m_Materials:
  - {fileID: 2100000, guid: a75b054b140f0604ab13cfc35e5638b6, type: 2}
  m_StaticBatchInfo:
    firstSubMesh: 0
    subMeshCount: 0
  m_StaticBatchRoot: {fileID: 0}
  m_ProbeAnchor: {fileID: 0}
  m_LightProbeVolumeOverride: {fileID: 0}
  m_ScaleInLightmap: 1
  m_PreserveUVs: 0
  m_IgnoreNormalsForChartDetection: 0
  m_ImportantGI: 0
  m_StitchLightmapSeams: 1
  m_SelectedEditorRenderState: 3
  m_MinimumChartSize: 4
  m_AutoUVMaxDistance: 0.5
  m_AutoUVMaxAngle: 89
  m_LightmapParameters: {fileID: 0}
  m_SortingLayerID: 0
  m_SortingLayer: 0
  m_SortingOrder: 0
--- !u!65 &1939051701823917060
BoxCollider:
  m_ObjectHideFlags: 0
  m_CorrespondingSourceObject: {fileID: 0}
  m_PrefabInstance: {fileID: 0}
  m_PrefabAsset: {fileID: 0}
  m_GameObject: {fileID: 1939051701823917062}
  m_Material: {fileID: 0}
  m_IsTrigger: 0
  m_Enabled: 1
  serializedVersion: 2
  m_Size: {x: 1, y: 1, z: 1}
  m_Center: {x: 0, y: 0, z: 0}
--- !u!54 &7672367528469677189
Rigidbody:
  m_ObjectHideFlags: 0
  m_CorrespondingSourceObject: {fileID: 0}
  m_PrefabInstance: {fileID: 0}
  m_PrefabAsset: {fileID: 0}
  m_GameObject: {fileID: 1939051701823917062}
  serializedVersion: 2
  m_Mass: 0.75
  m_Drag: 0
  m_AngularDrag: 0.05
  m_UseGravity: 1
  m_IsKinematic: 0
  m_Interpolate: 0
  m_Constraints: 112
  m_CollisionDetection: 0
--- !u!95 &6403945661255060906
Animator:
  serializedVersion: 3
  m_ObjectHideFlags: 0
  m_CorrespondingSourceObject: {fileID: 0}
  m_PrefabInstance: {fileID: 0}
  m_PrefabAsset: {fileID: 0}
  m_GameObject: {fileID: 1939051701823917062}
  m_Enabled: 1
  m_Avatar: {fileID: 0}
  m_Controller: {fileID: 0}
  m_CullingMode: 0
  m_UpdateMode: 0
  m_ApplyRootMotion: 0
  m_LinearVelocityBlending: 0
  m_WarningMessage: 
  m_HasTransformHierarchy: 1
  m_AllowConstantClipSamplingOptimization: 1
  m_KeepAnimatorControllerStateOnDisable: 0
--- !u!114 &1939051701823917063
MonoBehaviour:
  m_ObjectHideFlags: 0
  m_CorrespondingSourceObject: {fileID: 0}
  m_PrefabInstance: {fileID: 0}
  m_PrefabAsset: {fileID: 0}
  m_GameObject: {fileID: 1939051701823917062}
  m_Enabled: 1
  m_EditorHideFlags: 0
  m_Script: {fileID: 11500000, guid: 7fc33c6191dd4f141ad27498406624b4, type: 3}
  m_Name: 
  m_EditorClassIdentifier: 
  Ground:
    serializedVersion: 2
    m_Bits: 1792
  pivotObject: {fileID: 0}
  JumpFinal: {fileID: 1090124362}
  lenghtOfRaycast: 0.02
  moveSpeed: 27.5
  slowFallen: 1.5
--- !u!114 &1090124362
MonoBehaviour:
  m_ObjectHideFlags: 0
  m_CorrespondingSourceObject: {fileID: 0}
  m_PrefabInstance: {fileID: 0}
  m_PrefabAsset: {fileID: 0}
  m_GameObject: {fileID: 1939051701823917062}
  m_Enabled: 1
  m_EditorHideFlags: 0
  m_Script: {fileID: 11500000, guid: 0cb8fe989e9af754a896ebba1c71330e, type: 3}
  m_Name: 
  m_EditorClassIdentifier: 
  groundLayer:
    serializedVersion: 2
    m_Bits: 2304
  lenghtOfRaycast: 0.045
  jumpForce: 0.21
  limitOfJump: 1.2
  forceForFloat: 45
  timeOfFloat: 0.5
  timeOfJump: 0.5
  canJump: 0
  isJump: 0
  isFloat: 0
  isFallen: 0
--- !u!114 &1090124353
MonoBehaviour:
  m_ObjectHideFlags: 0
  m_CorrespondingSourceObject: {fileID: 0}
  m_PrefabInstance: {fileID: 0}
  m_PrefabAsset: {fileID: 0}
  m_GameObject: {fileID: 1939051701823917062}
  m_Enabled: 1
  m_EditorHideFlags: 0
  m_Script: {fileID: 11500000, guid: f56d29097a2f7be4db8b1b62439d8d16, type: 3}
  m_Name: 
  m_EditorClassIdentifier: 
  wallLayer:
    serializedVersion: 2
    m_Bits: 512
  pivoTransform: {fileID: 0}
  lenghtOfRaycast: 0.031
  delayBeforWalljump: 0.05
  forceToWallJump: 1.2
  timeToSnapWall: 0.6
  canWallJump: 0
  wallDetected: 0
  isOnWall: 0
  wallRightHit: 0
  wallLeftHit: 0
--- !u!114 &6809758880370385709
MonoBehaviour:
  m_ObjectHideFlags: 0
  m_CorrespondingSourceObject: {fileID: 0}
  m_PrefabInstance: {fileID: 0}
  m_PrefabAsset: {fileID: 0}
  m_GameObject: {fileID: 1939051701823917062}
  m_Enabled: 1
  m_EditorHideFlags: 0
  m_Script: {fileID: 11500000, guid: af40b7c2c1418644cb8d01dcd5115b29, type: 3}
  m_Name: 
  m_EditorClassIdentifier: 
  wallClimbableLayer:
    serializedVersion: 2
    m_Bits: 1024
  lenghtOfRaycast: 0.02
  wallClimbableTouche: 0
--- !u!114 &8957003198405634762
MonoBehaviour:
  m_ObjectHideFlags: 0
  m_CorrespondingSourceObject: {fileID: 0}
  m_PrefabInstance: {fileID: 0}
  m_PrefabAsset: {fileID: 0}
  m_GameObject: {fileID: 1939051701823917062}
  m_Enabled: 1
  m_EditorHideFlags: 0
  m_Script: {fileID: 11500000, guid: 41ccbce0636a471419a8182a4708dbe4, type: 3}
  m_Name: 
  m_EditorClassIdentifier: 
  platformLayer:
    serializedVersion: 2
    m_Bits: 2048
  lenghtOfRaycast: 0.041
--- !u!114 &913407093
MonoBehaviour:
  m_ObjectHideFlags: 0
  m_CorrespondingSourceObject: {fileID: 0}
  m_PrefabInstance: {fileID: 0}
  m_PrefabAsset: {fileID: 0}
  m_GameObject: {fileID: 1939051701823917062}
  m_Enabled: 1
  m_EditorHideFlags: 0
  m_Script: {fileID: 11500000, guid: 34234e669eb4dd44e8f07d438c7c9dff, type: 3}
  m_Name: 
  m_EditorClassIdentifier: 
  gameCanvas: {fileID: 0}
--- !u!114 &568323202780596300
MonoBehaviour:
  m_ObjectHideFlags: 0
  m_CorrespondingSourceObject: {fileID: 0}
  m_PrefabInstance: {fileID: 0}
  m_PrefabAsset: {fileID: 0}
  m_GameObject: {fileID: 1939051701823917062}
  m_Enabled: 1
  m_EditorHideFlags: 0
  m_Script: {fileID: 11500000, guid: 1e23afa481e1c454f8051d1725579b99, type: 3}
  m_Name: 
  m_EditorClassIdentifier: 
  deathAnimation: {fileID: 6403945661255060906}
