%YAML 1.1
%TAG !u! tag:unity3d.com,2011:
--- !u!1 &1304488036294040367
GameObject:
  m_ObjectHideFlags: 0
  m_CorrespondingSourceObject: {fileID: 0}
  m_PrefabInstance: {fileID: 0}
  m_PrefabAsset: {fileID: 0}
  serializedVersion: 6
  m_Component:
  - component: {fileID: 2829770188322629179}
  m_Layer: 0
  m_Name: Mesh_Pivot
  m_TagString: Untagged
  m_Icon: {fileID: 0}
  m_NavMeshLayer: 0
  m_StaticEditorFlags: 0
  m_IsActive: 1
--- !u!4 &2829770188322629179
Transform:
  m_ObjectHideFlags: 0
  m_CorrespondingSourceObject: {fileID: 0}
  m_PrefabInstance: {fileID: 0}
  m_PrefabAsset: {fileID: 0}
  m_GameObject: {fileID: 1304488036294040367}
  m_LocalRotation: {x: 0, y: 0.026176924, z: 0, w: 0.99965733}
  m_LocalPosition: {x: 0, y: 0, z: 0}
  m_LocalScale: {x: 1, y: 1, z: 1}
  m_Children: []
  m_Father: {fileID: 8750653112521078355}
  m_RootOrder: 1
  m_LocalEulerAnglesHint: {x: 0, y: 3, z: 0}
--- !u!1 &1717834435889434954
GameObject:
  m_ObjectHideFlags: 0
  m_CorrespondingSourceObject: {fileID: 0}
  m_PrefabInstance: {fileID: 0}
  m_PrefabAsset: {fileID: 0}
  serializedVersion: 6
  m_Component:
  - component: {fileID: 8750653112521078355}
  m_Layer: 0
  m_Name: Checkpoint
  m_TagString: Untagged
  m_Icon: {fileID: 0}
  m_NavMeshLayer: 0
  m_StaticEditorFlags: 0
  m_IsActive: 1
--- !u!4 &8750653112521078355
Transform:
  m_ObjectHideFlags: 0
  m_CorrespondingSourceObject: {fileID: 0}
  m_PrefabInstance: {fileID: 0}
  m_PrefabAsset: {fileID: 0}
  m_GameObject: {fileID: 1717834435889434954}
  m_LocalRotation: {x: 0, y: 0, z: 0, w: 1}
  m_LocalPosition: {x: 0, y: 0, z: 0}
  m_LocalScale: {x: 1, y: 1, z: 1}
  m_Children:
  - {fileID: 6000847640696992183}
  - {fileID: 2829770188322629179}
  - {fileID: 817461551147319134}
  m_Father: {fileID: 0}
  m_RootOrder: 0
  m_LocalEulerAnglesHint: {x: 0, y: 0, z: 0}
--- !u!1 &3765090635939253247
GameObject:
  m_ObjectHideFlags: 0
  m_CorrespondingSourceObject: {fileID: 0}
  m_PrefabInstance: {fileID: 0}
  m_PrefabAsset: {fileID: 0}
  serializedVersion: 6
  m_Component:
  - component: {fileID: 6000847640696992183}
  - component: {fileID: 1172487577190752825}
  - component: {fileID: 3455439044807410240}
  - component: {fileID: 6098691994554288649}
  - component: {fileID: 7086071640180638078}
  - component: {fileID: 1819257944}
  - component: {fileID: 9208927737034312633}
  m_Layer: 0
  m_Name: CheckpointTrigger
  m_TagString: Checkpoint
  m_Icon: {fileID: 0}
  m_NavMeshLayer: 0
  m_StaticEditorFlags: 0
  m_IsActive: 1
--- !u!4 &6000847640696992183
Transform:
  m_ObjectHideFlags: 0
  m_CorrespondingSourceObject: {fileID: 0}
  m_PrefabInstance: {fileID: 0}
  m_PrefabAsset: {fileID: 0}
  m_GameObject: {fileID: 3765090635939253247}
  m_LocalRotation: {x: -0, y: 0.026176924, z: -0, w: 0.99965733}
  m_LocalPosition: {x: 0, y: 0.050000012, z: 0.8988}
  m_LocalScale: {x: 0.05302526, y: 0.05, z: 0.1}
  m_Children: []
  m_Father: {fileID: 8750653112521078355}
  m_RootOrder: 0
  m_LocalEulerAnglesHint: {x: 0, y: 0, z: 0}
--- !u!33 &1172487577190752825
MeshFilter:
  m_ObjectHideFlags: 0
  m_CorrespondingSourceObject: {fileID: 0}
  m_PrefabInstance: {fileID: 0}
  m_PrefabAsset: {fileID: 0}
  m_GameObject: {fileID: 3765090635939253247}
  m_Mesh: {fileID: 10206, guid: 0000000000000000e000000000000000, type: 0}
--- !u!23 &3455439044807410240
MeshRenderer:
  m_ObjectHideFlags: 0
  m_CorrespondingSourceObject: {fileID: 0}
  m_PrefabInstance: {fileID: 0}
  m_PrefabAsset: {fileID: 0}
  m_GameObject: {fileID: 3765090635939253247}
  m_Enabled: 0
  m_CastShadows: 1
  m_ReceiveShadows: 1
  m_DynamicOccludee: 1
  m_MotionVectors: 1
  m_LightProbeUsage: 1
  m_ReflectionProbeUsage: 1
  m_RenderingLayerMask: 1
  m_RendererPriority: 0
  m_Materials:
  - {fileID: 2100000, guid: 5626aa000f236d745bfb82d1a93e7590, type: 2}
  m_StaticBatchInfo:
    firstSubMesh: 0
    subMeshCount: 0
  m_StaticBatchRoot: {fileID: 0}
  m_ProbeAnchor: {fileID: 0}
  m_LightProbeVolumeOverride: {fileID: 0}
  m_ScaleInLightmap: 1
  m_PreserveUVs: 0
  m_IgnoreNormalsForChartDetection: 0
  m_ImportantGI: 0
  m_StitchLightmapSeams: 1
  m_SelectedEditorRenderState: 3
  m_MinimumChartSize: 4
  m_AutoUVMaxDistance: 0.5
  m_AutoUVMaxAngle: 89
  m_LightmapParameters: {fileID: 0}
  m_SortingLayerID: 0
  m_SortingLayer: 0
  m_SortingOrder: 0
--- !u!65 &6098691994554288649
BoxCollider:
  m_ObjectHideFlags: 0
  m_CorrespondingSourceObject: {fileID: 0}
  m_PrefabInstance: {fileID: 0}
  m_PrefabAsset: {fileID: 0}
  m_GameObject: {fileID: 3765090635939253247}
  m_Material: {fileID: 0}
  m_IsTrigger: 1
  m_Enabled: 1
  serializedVersion: 2
  m_Size: {x: 1.0000001, y: 2, z: 1.0000002}
  m_Center: {x: 0.000000059604645, y: 0.0000009536743, z: -0.00000008940697}
--- !u!54 &7086071640180638078
Rigidbody:
  m_ObjectHideFlags: 0
  m_CorrespondingSourceObject: {fileID: 0}
  m_PrefabInstance: {fileID: 0}
  m_PrefabAsset: {fileID: 0}
  m_GameObject: {fileID: 3765090635939253247}
  serializedVersion: 2
  m_Mass: 1
  m_Drag: 0
  m_AngularDrag: 0.05
  m_UseGravity: 0
  m_IsKinematic: 0
  m_Interpolate: 0
  m_Constraints: 126
  m_CollisionDetection: 0
--- !u!114 &1819257944
MonoBehaviour:
  m_ObjectHideFlags: 0
  m_CorrespondingSourceObject: {fileID: 0}
  m_PrefabInstance: {fileID: 0}
  m_PrefabAsset: {fileID: 0}
  m_GameObject: {fileID: 3765090635939253247}
  m_Enabled: 1
  m_EditorHideFlags: 0
  m_Script: {fileID: 11500000, guid: e78d9b2d7a5c4b943b5176fd9a948784, type: 3}
  m_Name: 
  m_EditorClassIdentifier: 
  timeBeforeDestroy: 0.1
--- !u!114 &9208927737034312633
MonoBehaviour:
  m_ObjectHideFlags: 0
  m_CorrespondingSourceObject: {fileID: 0}
  m_PrefabInstance: {fileID: 0}
  m_PrefabAsset: {fileID: 0}
  m_GameObject: {fileID: 3765090635939253247}
  m_Enabled: 1
  m_EditorHideFlags: 0
  m_Script: {fileID: 11500000, guid: 9f964cc59e5c8a5409080027d80387a9, type: 3}
  m_Name: 
  m_EditorClassIdentifier: 
  glowAnimationCheckPoint: {fileID: 7925104611802097468}
--- !u!1001 &4716709643316671330
PrefabInstance:
  m_ObjectHideFlags: 0
  serializedVersion: 2
  m_Modification:
    m_TransformParent: {fileID: 8750653112521078355}
    m_Modifications:
    - target: {fileID: 8968482451847822895, guid: 33e0b88654bf30549a42f0be061a18d4,
        type: 3}
      propertyPath: m_Name
      value: new_checkpoint
      objectReference: {fileID: 0}
    - target: {fileID: 5344975187414633532, guid: 33e0b88654bf30549a42f0be061a18d4,
        type: 3}
      propertyPath: m_LocalPosition.x
      value: -0
      objectReference: {fileID: 0}
    - target: {fileID: 5344975187414633532, guid: 33e0b88654bf30549a42f0be061a18d4,
        type: 3}
      propertyPath: m_LocalPosition.y
      value: 0
      objectReference: {fileID: 0}
    - target: {fileID: 5344975187414633532, guid: 33e0b88654bf30549a42f0be061a18d4,
        type: 3}
      propertyPath: m_LocalPosition.z
      value: 0.9048
      objectReference: {fileID: 0}
    - target: {fileID: 5344975187414633532, guid: 33e0b88654bf30549a42f0be061a18d4,
        type: 3}
      propertyPath: m_LocalRotation.x
      value: 0
      objectReference: {fileID: 0}
    - target: {fileID: 5344975187414633532, guid: 33e0b88654bf30549a42f0be061a18d4,
        type: 3}
      propertyPath: m_LocalRotation.y
      value: 0.7071068
      objectReference: {fileID: 0}
    - target: {fileID: 5344975187414633532, guid: 33e0b88654bf30549a42f0be061a18d4,
        type: 3}
      propertyPath: m_LocalRotation.z
      value: 0.7071068
      objectReference: {fileID: 0}
    - target: {fileID: 5344975187414633532, guid: 33e0b88654bf30549a42f0be061a18d4,
        type: 3}
      propertyPath: m_LocalRotation.w
      value: 0
      objectReference: {fileID: 0}
    - target: {fileID: 5344975187414633532, guid: 33e0b88654bf30549a42f0be061a18d4,
        type: 3}
      propertyPath: m_RootOrder
      value: 2
      objectReference: {fileID: 0}
    - target: {fileID: 5344975187414633532, guid: 33e0b88654bf30549a42f0be061a18d4,
        type: 3}
      propertyPath: m_LocalEulerAnglesHint.x
      value: -90
      objectReference: {fileID: 0}
    - target: {fileID: 5344975187414633532, guid: 33e0b88654bf30549a42f0be061a18d4,
        type: 3}
      propertyPath: m_LocalEulerAnglesHint.y
      value: 180
      objectReference: {fileID: 0}
    - target: {fileID: 5344975187414633532, guid: 33e0b88654bf30549a42f0be061a18d4,
        type: 3}
      propertyPath: m_LocalEulerAnglesHint.z
      value: 0
      objectReference: {fileID: 0}
    - target: {fileID: 3210713358697927774, guid: 33e0b88654bf30549a42f0be061a18d4,
        type: 3}
      propertyPath: m_Enabled
      value: 1
      objectReference: {fileID: 0}
    m_RemovedComponents: []
  m_SourcePrefab: {fileID: 100100000, guid: 33e0b88654bf30549a42f0be061a18d4, type: 3}
--- !u!4 &817461551147319134 stripped
Transform:
  m_CorrespondingSourceObject: {fileID: 5344975187414633532, guid: 33e0b88654bf30549a42f0be061a18d4,
    type: 3}
  m_PrefabInstance: {fileID: 4716709643316671330}
  m_PrefabAsset: {fileID: 0}
--- !u!95 &7925104611802097468 stripped
Animator:
  m_CorrespondingSourceObject: {fileID: 3210713358697927774, guid: 33e0b88654bf30549a42f0be061a18d4,
    type: 3}
  m_PrefabInstance: {fileID: 4716709643316671330}
  m_PrefabAsset: {fileID: 0}
